<record><leader>00000cas a22000007a 4500</leader><controlfield tag="001">20085548</controlfield><controlfield tag="008">890728d19041905gauwr ne      0    0eng d</controlfield><datafield ind1=" " ind2=" " tag="010"><subfield code="a">sn 88054095 </subfield></datafield><datafield ind1=" " ind2=" " tag="040"><subfield code="a">NLG</subfield><subfield code="b">eng</subfield><subfield code="c">NLG</subfield><subfield code="d">GUA</subfield><subfield code="d">OCLCQ</subfield><subfield code="d">OCLCF</subfield><subfield code="d">OCLCO</subfield></datafield><datafield ind1="1" ind2=" " tag="029"><subfield code="a">AU@</subfield><subfield code="b">000020562304</subfield></datafield><datafield ind1=" " ind2=" " tag="042"><subfield code="a">msc</subfield></datafield><datafield ind1=" " ind2=" " tag="043"><subfield code="a">n-us-ga</subfield></datafield><datafield ind1="0" ind2="0" tag="245"><subfield code="a">Thomasville times-enterprise and South Georgia progress.</subfield></datafield><datafield ind1=" " ind2=" " tag="260"><subfield code="a">Thomasville, Ga. :</subfield><subfield code="b">Times-Enterprise Pub. Co.,</subfield><subfield code="c">[1904-1905]</subfield></datafield><datafield ind1=" " ind2=" " tag="300"><subfield code="a">v.</subfield></datafield><datafield ind1=" " ind2=" " tag="310"><subfield code="a">Weekly</subfield></datafield><datafield ind1="0" ind2=" " tag="362"><subfield code="a">New ser., vol. 14, no. 28 (Feb. 5, 1904)-new ser., v. 15, no. 41 (Oct. 6, 1905).</subfield></datafield><datafield ind1=" " ind2=" " tag="530"><subfield code="a">Also on microfilm: Athens, Ga. : University of Georgia Libraries.</subfield></datafield><datafield ind1=" " ind2=" " tag="580"><subfield code="a">Formed by the union of: Thomasville times-enterprise (Thomasville, Ga. : 1889), and: South Georgia progress (Thomasville, Ga.).</subfield></datafield><datafield ind1=" " ind2="0" tag="651"><subfield code="a">Thomas County (Ga.)</subfield><subfield code="v">Newspapers.</subfield></datafield><datafield ind1=" " ind2="7" tag="655"><subfield code="a">Newspapers.</subfield><subfield code="2">fast</subfield><subfield code="0">(OCoLC)fst01423814</subfield></datafield><datafield ind1=" " ind2="7" tag="651"><subfield code="a">Georgia</subfield><subfield code="z">Thomas County.</subfield><subfield code="2">fast</subfield><subfield code="0">(OCoLC)fst01206849</subfield></datafield><datafield ind1=" " ind2=" " tag="752"><subfield code="a">United States</subfield><subfield code="b">Georgia</subfield><subfield code="c">Thomas</subfield><subfield code="d">Thomasville.</subfield></datafield><datafield ind1="1" ind2="4" tag="780"><subfield code="t">Thomasville times-enterprise (Thomasville, Ga. : 1889)</subfield><subfield code="w">(DLC)sn 88054089</subfield><subfield code="w">(OCoLC)20085734</subfield></datafield><datafield ind1="1" ind2="4" tag="780"><subfield code="t">South Georgia progress (Thomasville, Ga.)</subfield></datafield><datafield ind1="0" ind2="0" tag="785"><subfield code="t">Weekly times enterprise and South Georgia progress</subfield><subfield code="w">(DLC)sn 88054096</subfield><subfield code="w">(OCoLC)20085460</subfield></datafield></record>